@book{anderson2011kanban,
  title={Kanban: Evolution{\"a}res Change Management f{\"u}r IT-Organisationen},
  author={Anderson, David J},
  year={2011},
  publisher={dpunkt. verlag}
}
@misc{wikiKanban,
   author = "Wikipedia",
   title = "Kanban (Development)",
   year = "2016",
   url = "https://en.wikipedia.org/wiki/Kanban_(development)",
   note = "[Online; abgerufen am 20.08.2016]"
}
@online{nagios,
   author = "Ethan Galstad",
   title = "Nagios",
   year = "2016",
   url = "http://www.nagios.org/",
  urldate = {2016-08-26}
}
@online{samba,
   author = "The Samba Team",
   title = "Samba Wiki",
   year = "2016",
   url = "https://wiki.samba.org/index.php/Main_Page",
  urldate = {2016-08-30}
}
@misc{wikiQualityM,
   author = "Wikipedia",
   title = "Qualitätsmanagement",
   year = "2016",
   url = "https://de.wikipedia.org/wiki/Qualit%C3%A4tsmanagement",
   note = "[Online; abgerufen am 26.08.2016]"
}
@online{whyCM,
  author = {Joe Townsend},
  title = {Why Is Configuration Management Important?},
  year = 2016,
  url = {https://www.techwell.com/techwell-insights/2013/09/why-configuration-management-important},
  urldate = {2016-08-28}
}
@online{whyKanban,
  author = {JP Patil},
  title = {Get Lean: Why Kanban is the cure to your company’s multitasking plague},
  year = 2016,
  url = {http://venturebeat.com/2013/09/02/why-kanban-is-the-cure-to-your-companys-multitasking-plague/},
  urldate = {2016-08-29}
}
@misc{wikiScrum,
   author = "Wikipedia",
   title = "Scrum (software development)",
   year = "2016",
   url = "https://en.wikipedia.org/wiki/Scrum_(software_development)",
   note = "[Online; abgerufen am 24.08.2016]"
}
@misc{wikiCyberSecStandards,
   author = "Wikipedia",
   title = "Cyber security standards",
   year = "2016",
   url = "https://en.wikipedia.org/wiki/Cyber_security_standards",
   note = "[Online; abgerufen am 25.08.2016]"
}
@misc{wikiDiD,
   author = "Wikipedia",
   title = "Defense in depth (computing)",
   year = "2016",
   url = "https://en.wikipedia.org/wiki/Defense_in_depth_(computing)",
   note = "[Online; abgerufen am 25.08.2016]"
}
@misc{wikiFailsafe,
   author = "Wikipedia",
   title = "Fail-safe",
   year = "2016",
   url = "https://en.wikipedia.org/wiki/Fail-safe",
   note = "[Online; abgerufen am 25.08.2016]"
}
@misc{smbHistory,
   author = "Wikipedia",
   title = "Server Message Block - Geschichte",
   year = "2016",
   url = "https://de.wikipedia.org/wiki/Server_Message_Block#Geschichte",
   note = "[Online; abgerufen am 25.08.2016]"
}
@misc{wikiCVE,
   author = "Wikipedia",
   title = "Common Vulnerabilities and Exposures",
   year = "2016",
   url = "https://en.wikipedia.org/wiki/Common_Vulnerabilities_and_Exposures",
   note = "[Online; abgerufen am 25.08.2016]"
}
@book{humble2010continuous,
  title={Continuous delivery: reliable software releases through build, test, and deployment automation},
  author={Humble, Jez and Farley, David},
  year={2010},
  publisher={Pearson Education}
}
@online{trelloboard,
  author = {Trello Inc. (Fog Creek Software)},
  title = {Trello.com, Board Dateiserver Gruppen 5-10},
  year = 2016,
  url = {https://trello.com/b/AQ53ROKH/dateiserver-gruppen-5-10},
  urldate = {2016-08-24}
}
@online{githubRepo,
  author = {GitHub, Inc.},
  title = {Github.com, Repository Wilddiebe10},
  year = 2016,
  url = {https://github.com/sagiru/Wilddiebe10},
  urldate = {2016-08-24}
}
@online{stackoverflowVersionControl,
  author = {si618},
  title = {Stackoverflow.com, Why should I use version control?},
  year = 2016,
  url = {http://stackoverflow.com/questions/1408450/why-should-i-use-version-control},
  urldate = {2016-08-24}
}
@online{ansible,
  author = {Michael DeHaan},
  title = {Ansible Documentation},
  year = 2016,
  url = {http://docs.ansible.com/},
  urldate = {2016-08-24}
}
@online{ansibleBestPractice,
  author = {Michael DeHaan},
  title = {Best Practices - Ansible Documentation},
  year = 2016,
  url = {http://docs.ansible.com/ansible/playbooks_best_practices.html},
  urldate = {2016-08-24}
}
@online{puppet,
  author = {Puppet Labs},
  title = {Puppet - The shortest path to better software.},
  year = 2016,
  url = {https://www.puppetlabs.com/},
  urldate = {2016-08-24}
}
@online{chef,
  author = {Chef},
  title = {Chef - Embrace DevOps},
  year = 2016,
  url = {https://www.chef.io/},
  urldate = {2016-08-24}
}
@online{whyAnsible,
  author = {Josh Dreyfuss},
  title = {Deployment Management Tools: Chef vs. Puppet vs. Ansible vs. SaltStack vs. Fabric},
  year = 2016,
  url = {http://blog.takipi.com/deployment-management-tools-chef-vs-puppet-vs-ansible-vs-saltstack-vs-fabric/},
  urldate = {2016-08-24}
}
@online{grundschutz,
  author = {Bundesamt für Sicherheit in der Informationstechnik (BSI)},
  title = {IT-Grundschutz},
  year = 2016,
  url = {https://www.bsi.bund.de/DE/Themen/ITGrundschutz/itgrundschutz_node.html/},
  urldate = {2016-08-24}
}
@book{kuipers2006control,
  title={Control systems cyber security: Defense in depth strategies},
  author={Kuipers, David and Fabro, Mark},
  year={2006},
  publisher={United States. Department of Energy}
}
@online{mumble,
  author = {Das Mumble-Team},
  title = {Mumble, the open source VoIP solution},
  year = 2016,
  url = {https://wiki.mumble.info/wiki/Main_Page},
  urldate = {2016-08-24}
}
@online{gnupg,
  author = {The GNU Privacy Guard Team},
  title = {The GNU Privacy Guard},
  year = 2016,
  url = {https://gnupg.org/},
  urldate = {2016-08-25}
}
@online{ietfRFC4880,
  author = {IETF Network Working Group},
  title = {OpenPGP Message Format},
  year = 2007,
  url = {https://tools.ietf.org/html/rfc4880},
  urldate = {2016-08-25}
}
@online{iptables,
  author = {Netfilter-Projekt-Team},
  title = {The netfilter.org "iptables" project},
  year = 2016,
  url = {https://www.netfilter.org/projects/iptables/index.html},
  urldate = {2016-08-25}
}
@online{clamAV,
  author = {Cisco Systems, Inc.},
  title = {ClamavNet},
  year = 2016,
  url = {http://www.clamav.net/},
  urldate = {2016-08-25}
}
@online{clamAVnoOnAccess,
  author = {Cisco Systems, Inc.},
  title = {ClamavNet - Configuring On-Access Scanning in ClamAV},
  year = 2016,
  url = {http://blog.clamav.net/2016/03/configuring-on-access-scanning-in-clamav.html},
  urldate = {2016-08-25}
}
@online{gnupg,
  author = {The GNU Privacy Guard Team},
  title = {The GNU Privacy Guard},
  year = 2016,
  url = {https://gnupg.org/},
  urldate = {2016-08-25}
}
@techreport{waidner2013entwicklung,
  title={Entwicklung sicherer Software durch Security by Design, Trend-und Strategieberich},
  author={Waidner, Michael and Backes, Michael and M{\"u}ller-Quade, J{\"o}rn},
  year={2013},
  institution={Fraunhofer SIT Technical Reports SIT-TR-2013-01}
}